<record><leader>00000cas a22000007a 4500</leader><controlfield tag="001">14874763</controlfield><controlfield tag="008">861125d186618uutxuwr ne      0    0eng d</controlfield><datafield ind1=" " ind2=" " tag="010"><subfield code="a">sn 86090332 </subfield></datafield><datafield ind1=" " ind2=" " tag="040"><subfield code="a">PPM</subfield><subfield code="b">eng</subfield><subfield code="c">PPM</subfield><subfield code="d">OCLCQ</subfield></datafield><datafield ind1=" " ind2=" " tag="042"><subfield code="a">msc</subfield></datafield><datafield ind1="0" ind2=" " tag="130"><subfield code="a">San Antonio ledger (San Antonio, Tex. : 1866)</subfield></datafield><datafield ind1="1" ind2="0" tag="245"><subfield code="a">San Antonio ledger.</subfield></datafield><datafield ind1=" " ind2=" " tag="260"><subfield code="a">San Antonio, Tex. :</subfield><subfield code="b">Thompson &amp; Co.</subfield></datafield><datafield ind1=" " ind2=" " tag="300"><subfield code="a">v. ;</subfield><subfield code="c">59 cm.</subfield></datafield><datafield ind1=" " ind2=" " tag="310"><subfield code="a">Weekly</subfield></datafield><datafield ind1="1" ind2=" " tag="362"><subfield code="a">Began in 1866?</subfield></datafield><datafield ind1=" " ind2=" " tag="588"><subfield code="a">Description based on: Vol. 14, no. 2 (Feb. 16, 1867).</subfield></datafield><datafield ind1=" " ind2=" " tag="752"><subfield code="a">United States</subfield><subfield code="b">Texas</subfield><subfield code="c">Bexar</subfield><subfield code="d">San Antonio.</subfield></datafield><datafield ind1="0" ind2=" " tag="775"><subfield code="t">Tri-weekly ledger</subfield><subfield code="w">(DLC)sn 86090240</subfield></datafield><datafield ind1="0" ind2=" " tag="775"><subfield code="t">Daily ledger (San Antonio, Tex. : 1867)</subfield><subfield code="w">(DLC)sn 86090441</subfield></datafield><datafield ind1="0" ind2="0" tag="780"><subfield code="t">Semi-weekly news (San Antonio, Tex. : 1865)</subfield><subfield code="w">(DLC)sn 86090403</subfield></datafield></record>